<?xml version="1.0" encoding="UTF-8"?><collection><record><leader>07012ntm a22006372a 4500</leader><controlfield tag="001">006805294</controlfield><controlfield tag="003">MiAaHDL</controlfield><controlfield tag="005">20201030000000.0</controlfield><controlfield tag="006">m        d        </controlfield><controlfield tag="007">cr bn ---auaua</controlfield><controlfield tag="008">090531q14901520xx            00| ||per d</controlfield><datafield tag="035" ind1=" " ind2=" "><subfield code="a">(MiU)006805294</subfield></datafield><datafield tag="035" ind1=" " ind2=" "><subfield code="a">sdr-miu006805294</subfield></datafield><datafield tag="040" ind1=" " ind2=" "><subfield code="a">MiU</subfield><subfield code="c">MiU</subfield><subfield code="e">amremm</subfield></datafield><datafield tag="043" ind1=" " ind2=" "><subfield code="a">n-us-mi</subfield></datafield><datafield tag="100" ind1="1" ind2=" "><subfield code="6">880-01</subfield><subfield code="a">Anṣārī al-Harawī, ʻAbd Allāh ibn Muḥammad,</subfield><subfield code="d">1006-1089.</subfield></datafield><datafield tag="245" ind1="1" ind2="0"><subfield code="6">880-03</subfield><subfield code="a">[Naṣāʼiḥ va ashʻār-i Khvājah ʻAbd Allāh Anṣārī,</subfield><subfield code="f">late 15th or early 16th century?].</subfield></datafield><datafield tag="246" ind1="3" ind2=" "><subfield code="a">پندنامه عبد الله انصاري</subfield></datafield><datafield tag="246" ind1="3" ind2=" "><subfield code="a">نصائح و اشعار خواجه عبد الله انصاری</subfield></datafield><datafield tag="260" ind1=" " ind2=" "><subfield code="c">[1490-1520].</subfield></datafield><datafield tag="300" ind1=" " ind2=" "><subfield code="a">16 leaves :</subfield><subfield code="b">paper ;</subfield><subfield code="c">232 x 143 (129 x 69) mm. bound to 237 x 143 mm.</subfield></datafield><datafield tag="500" ind1=" " ind2=" "><subfield code="a">Shelfmark: Ann Arbor, University of Michigan, Special Collections Research Center, Isl. Ms. 273</subfield></datafield><datafield tag="500" ind1=" " ind2=" "><subfield code="a">Origin: Lacks dated colophon. According to note on 'title page' (fol.1a/p.1) executed by the renowned Timurid calligrapher Sulṭān ʻAlī Mashhadī (d.1520). Relatively consistent with his style and thus likely executed late 15th or early 16th century. Mounting and illumination possibly later in the 16th century.</subfield></datafield><datafield tag="500" ind1=" " ind2=" "><subfield code="a">Former shelfmark: "٢١" and "216 T. De M. [i.e. Tammaro De Marinis]" in pencil on front flyleaf.</subfield></datafield><datafield tag="500" ind1=" " ind2=" "><subfield code="a">Binding: Pasteboards covered in red leather ; Western style binding (without flap) ; board linings in shell marbled paper (mainly in lavender, pink, and yellow-green) ; upper and lower covers carry gold-painted rules and tooled border in a series of annular stamps ; now sewn in white thread, four stations ; overall in fairly good condition with some staining and minor abrasion though fully detached from text block ; while cover is not sized to be flush with text block, this appears to have been intentional as adhesive paper pattern on interior of spine matches that on spine of text block.</subfield></datafield><datafield tag="500" ind1=" " ind2=" "><subfield code="a">Support: non-European (Persian) laid paper ; written area mounted in a frame of exquisite silhouette paper (laid with 6 laid lines per cm., chains occasionally visible, sturdy, well-burnished) in two floral compositions, one with floral vegetal motifs only, the other with bird motifs as well ; recto of each framing leaf in pastel blue and verso in pink (quite possibly composite with leaves of two distinct tints affixed to each other).</subfield></datafield><datafield tag="500" ind1=" " ind2=" "><subfield code="a">Decoration: Superbly executed illuminated headpiece (ʻunwān / sarlawḥ) at opening on fol.1b (p.2) consisting of a rectangular piece with gold cartouche surrounded by intricate swirling arabesques with floral motifs in gold, white, red, yellow, green, and pink on a lapis lazuli ground with gold accents all bordered in bands of gold, white, blue, red and heavy gold interlace, surmounted by a band of floral vegetal decoration in gold, white, yellow, pink, and red over alternating eight-pointed stars in turquoise and gold on a black ground, itself surmounted by an triangular piece or hasp filled with further swirling arabesques with floral motifs in gold, white, red, pink, yellow, etc. on a gold ground with lapis lazuli accents, all surmounted by vertical stalks (tīgh) in lapis lazuli ; written area gold-flecked and surrounded by frame consisting of bands of gold, blue, red, and turquoise, divisions within defined by narrow gold bands outlined by black fillets ; rich floral vegetal accents appear occasionally flanking text ; compositions of silhouette paper in some leaves outlined in gold (in lower margin of fol.13a (p.25), bird motif in paper, elsewhere enhanced by the illuminator in the same bird theme, has been elaborated as a goat instead).</subfield></datafield><datafield tag="500" ind1=" " ind2=" "><subfield code="a">Script: Nastaʻlīq ; compact, exquisite hand ; serifless, with slight effect of words descending to baseline, closed counters, and elongated horizontal strokes.</subfield></datafield><datafield tag="500" ind1=" " ind2=" "><subfield code="a">Layout: Written in 10 lines per page ; frame-ruled.</subfield></datafield><datafield tag="500" ind1=" " ind2=" "><subfield code="a">Collation: i, 2 III(12), II (16), i ; two ternions and a binion ; pagination in pencil, Western numerals, supplied during cataloguing.</subfield></datafield><datafield tag="500" ind1=" " ind2=" "><subfield code="a">Explicit: "الهى بحق آنكه ترا حاجت نست رحمت كن برآنكه او را حجت نست تمت الكتاب"</subfield></datafield><datafield tag="500" ind1=" " ind2=" "><subfield code="a">Incipit: "این چند كلمه است از نصايح و اشعار نديم بارگاه حضرت جبارى خواجه عبد الله انصارى عليه الرحمه و المغفره ای ز دردت بيدلانرا بوی در مال آمده ..."</subfield></datafield><datafield tag="500" ind1=" " ind2=" "><subfield code="a">Title supplied by cataloguer from opening matter on fol.1b.</subfield></datafield><datafield tag="500" ind1=" " ind2=" "><subfield code="a">Ms. codex.</subfield></datafield><datafield tag="510" ind1="4" ind2=" "><subfield code="a">Gandjeï, T. "Sulṭān Ḥusayn,"</subfield><subfield code="c">EI2.</subfield></datafield><datafield tag="510" ind1="4" ind2=" "><subfield code="a">Blair, Sheila. Islamic Calligraphy. (Edinburgh: Edinburgh University Press, 2006),</subfield><subfield code="c">pp.280-286</subfield></datafield><datafield tag="510" ind1="4" ind2=" "><subfield code="a">Soucek, Priscilla. "The Arts of Calligraphy." In The Arts of the book in Central Asia: 14th-16th centuries. Ed. Basil Gray. (Boulder, CO: Shambhala Publications, 1979): 7-34</subfield></datafield><datafield tag="510" ind1="4" ind2=" "><subfield code="a">Bayānī, Mahdī. Aḥvāl va āsār-i khūshʹnavīsān : nastaʻlīq navīsān. [Tehran] : Dānishgāh-i Tihrān, 1345 [1966],</subfield><subfield code="c">v.1 pp.241-266</subfield></datafield><datafield tag="520" ind1="8" ind2=" "><subfield code="a">Sublime copy of a selection of maxims and verses by Abū Ismāʻīl ʻAbd Allāh ibn Muḥammad al-Anṣārī al-Harawī (d.481/1089), attributed to the celebrated Timurid calligrapher Sulṭān ʻAlī Mashhadī (d.926/1520, see p.248 in Bayānī, Aḥvāl va āsār-i khūshʹnavīsān : nastaʻlīq navīsān, vol.1 and pp.30-32 in Soucek, "The Arts of Calligraphy").</subfield></datafield><datafield tag="538" ind1=" " ind2=" "><subfield code="a">Mode of access: Internet.</subfield></datafield><datafield tag="541" ind1=" " ind2=" "><subfield code="c">Purchase ;</subfield><subfield code="a">Acquired by purchase (funds donated by Horace Rackham).</subfield><subfield code="d">1924.</subfield></datafield><datafield tag="546" ind1=" " ind2=" "><subfield code="a">Persian.</subfield></datafield><datafield tag="561" ind1=" " ind2=" "><subfield code="a">Possible ownership statement in a cryptic hand on 'title page' (fol.1a/p.1) dated 1273 [1856 or 7] ; also on 'title page' (fol.1a/p.1), oval seal impression in name of ḤusaynʻAlī (حسينعلى) dated 1271 or 2 [1854-5 or 1855-6] and traces of an effaced statement ; marginal correction on fol.6b/p.12 with signe de renvoi in the form of ٢ i.e. bāʼ Hindīyah.</subfield></datafield><datafield tag="650" ind1=" " ind2="0"><subfield code="a">Manuscripts, Persian</subfield><subfield code="z">Michigan</subfield><subfield code="z">Ann Arbor.</subfield></datafield><datafield tag="650" ind1=" " ind2="0"><subfield code="a">Islamic calligraphy</subfield><subfield code="v">Specimens.</subfield></datafield><datafield tag="650" ind1=" " ind2="0"><subfield code="a">Writing, Arabic</subfield><subfield code="v">Specimens.</subfield></datafield><datafield tag="650" ind1=" " ind2="0"><subfield code="a">Calligraphy, Persian</subfield><subfield code="v">Specimens.</subfield></datafield><datafield tag="650" ind1=" " ind2="0"><subfield code="a">Sufism</subfield><subfield code="v">Early works to 1800.</subfield></datafield><datafield tag="650" ind1=" " ind2="0"><subfield code="a">Sufism</subfield><subfield code="v">Prayers and devotions</subfield><subfield code="v">Persian.</subfield></datafield><datafield tag="655" ind1=" " ind2="7"><subfield code="a">Headpieces (layout features)</subfield><subfield code="y">16th century.</subfield><subfield code="2">aat</subfield></datafield><datafield tag="700" ind1="0" ind2=" "><subfield code="a">Abdülhamid</subfield><subfield code="b">II,</subfield><subfield code="c">Sultan of the Turks,</subfield><subfield code="d">1842-1918,</subfield><subfield code="e">former owner.</subfield></datafield><datafield tag="700" ind1="0" ind2=" "><subfield code="a">سلطان علي مشهدي,</subfield><subfield code="e">خطاط,</subfield><subfield code="e">ناسخ.</subfield></datafield><datafield tag="700" ind1="1" ind2=" "><subfield code="6">880-05</subfield><subfield code="a">Mashhadī, Sulṭān ʻAlī,</subfield><subfield code="e">calligrapher,</subfield><subfield code="e">scribe.</subfield></datafield><datafield tag="773" ind1="0" ind2=" "><subfield code="a">Abdul Hamid Collection.</subfield></datafield><datafield tag="880" ind1="1" ind2="0"><subfield code="6">245-03/</subfield><subfield code="a">[نصايح و اشعار خواجه عبد الله انصارى,</subfield><subfield code="f">پايان قرن 15م يا آغاز فرن 16م؟].</subfield></datafield><datafield tag="880" ind1="1" ind2=" "><subfield code="6">100-01/</subfield><subfield code="a">انصاري الهروي, عبد الله محمد.</subfield></datafield><datafield tag="CID" ind1=" " ind2=" "><subfield code="a">006805294</subfield></datafield><datafield tag="DAT" ind1="0" ind2=" "><subfield code="a">20201030040249.0</subfield><subfield code="b">20201030000000.0</subfield></datafield><datafield tag="DAT" ind1="1" ind2=" "><subfield code="a">20201030090509.0</subfield><subfield code="b">2020-10-30T16:15:12Z</subfield></datafield><datafield tag="DAT" ind1="2" ind2=" "><subfield code="a">2015-10-02T18:00:03Z</subfield></datafield><datafield tag="CAT" ind1=" " ind2=" "><subfield code="a">SDR-MIU</subfield><subfield code="d">EX LIBRIS - ALEPH</subfield><subfield code="l">prepare.pl-004-008</subfield></datafield><datafield tag="FMT" ind1=" " ind2=" "><subfield code="a">BK</subfield></datafield><datafield tag="HOL" ind1=" " ind2=" "><subfield code="0">sdr-miu006805294</subfield><subfield code="a">MiU</subfield><subfield code="b">SDR</subfield><subfield code="c">MIU</subfield><subfield code="p">mdp.39015079127356</subfield><subfield code="s">MIU</subfield><subfield code="1">006805294</subfield></datafield><datafield tag="974" ind1=" " ind2=" "><subfield code="b">MIU</subfield><subfield code="c">MIU</subfield><subfield code="d">20201030</subfield><subfield code="s">lit-dlps-dc</subfield><subfield code="u">mdp.39015079127356</subfield><subfield code="y">1520</subfield><subfield code="r">pd</subfield><subfield code="q">bib</subfield><subfield code="t">non-US bib date2 &lt; 1896</subfield></datafield></record></collection>